@article{khallaf2021classification,
  title={Classification and analysis of deep learning applications in construction: A systematic literature review},
  author={Khallaf, Rana and Khallaf, Mohamed},
  journal={Automation in construction},
  volume={129},
  pages={103760},
  year={2021},
  publisher={Elsevier}
}
@article{november1996journals,
  title={Journals for the journey into deep learning: a framework},
  author={November, Peter},
  journal={Higher Education Research \& Development},
  volume={15},
  number={1},
  pages={115--127},
  year={1996},
  publisher={Taylor \& Francis}
}
@article{chen2014big,
  title={Big data deep learning: challenges and perspectives},
  author={Chen, Xue-Wen and Lin, Xiaotong},
  journal={IEEE access},
  volume={2},
  pages={514--525},
  year={2014},
  publisher={Ieee}
}
@article{zhu2018deep,
  title={Deep learning for smart agriculture: Concepts, tools, applications, and opportunities},
  author={Zhu, Nanyang and Liu, Xu and Liu, Ziqian and Hu, Kai and Wang, Yingkuan and Tan, Jinglu and Huang, Min and Zhu, Qibing and Ji, Xunsheng and Jiang, Yongnian and others},
  journal={International Journal of Agricultural and Biological Engineering},
  volume={11},
  number={4},
  pages={32--44},
  year={2018}
}
@article{warburton2003deep,
  title={Deep learning and education for sustainability},
  author={Warburton, Kevin},
  journal={International Journal of Sustainability in Higher Education},
  volume={4},
  number={1},
  pages={44--56},
  year={2003},
  publisher={MCB UP Ltd}
}
@article{jinbo2021high,
  title={High resolution earthquake catalog building for the 21 May 2021 Yangbi, Yunnan, M S 6.4 earthquake sequence using deep-learning phase picker},
  author={JinBo, Su and Min, Liu and YunPeng, Zhang and WeiTao, Wang and HongYi, Li and Jun, Yang and XiaoBin, Li and Miao, Zhang},
  journal={Chinese Journal of Geophysics},
  volume={64},
  number={8},
  pages={2647--2656},
  year={2021},
  publisher={Chinese Journal of Geophysics}
}
@article{feng2019deep,
  title={The deep learning--based recommender system “Pubmender” for choosing a biomedical publication venue: Development and validation study},
  author={Feng, Xiaoyue and Zhang, Hao and Ren, Yijie and Shang, Penghui and Zhu, Yi and Liang, Yanchun and Guan, Renchu and Xu, Dong},
  journal={Journal of medical Internet research},
  volume={21},
  number={5},
  pages={e12957},
  year={2019},
  publisher={JMIR Publications Toronto, Canada}
}
@article{smys2020survey,
  title={Survey on neural network architectures with deep learning},
  author={Smys, S and Chen, Joy Iong Zong and Shakya, Subarna},
  journal={Journal of Soft Computing Paradigm (JSCP)},
  volume={2},
  number={03},
  pages={186--194},
  year={2020}
}
@article{saber2021novel,
  title={A novel deep-learning model for automatic detection and classification of breast cancer using the transfer-learning technique},
  author={Saber, Abeer and Sakr, Mohamed and Abo-Seida, Osama M and Keshk, Arabi and Chen, Huiling},
  journal={IEEE Access},
  volume={9},
  pages={71194--71209},
  year={2021},
  publisher={IEEE}
}
@article{jacob2021design,
  title={Design of deep learning algorithm for IoT application by image based recognition},
  author={Jacob, I Jeena and Darney, P Ebby},
  journal={Journal of ISMAC},
  volume={3},
  number={03},
  pages={276--290},
  year={2021}
}